% This file was created with JabRef 2.10.
% Encoding: UTF-8


@Article{dealii,
  Title                    = {{deal.II} -- a General Purpose Object Oriented Finite Element Library},
  Author                   = {W. Bangerth and R. Hartmann and G. Kanschat},
  Journal                  = {ACM Transactions on Mathematical Software},
  Year                     = {2007},
  Number                   = {4},
  Pages                    = {24/1--24/27},
  Volume                   = {33}
}

@Article{bardos1979,
  Title                    = {First order quasilinear equations with boundary conditions},
  Author                   = {C. Bardos and A. Y. Leroux and J. C. Nedelec},
  Journal                  = {Communications in Partial Differential Equations},
  Year                     = {1979},
  Number                   = {9},
  Pages                    = {1017-1034},
  Volume                   = {4},

  Doi                      = {10.1080/03605307908820117},
  Eprint                   = { http://dx.doi.org/10.1080/03605307908820117
},
  Url                      = { http://dx.doi.org/10.1080/03605307908820117
}
}

@Book{glasstone,
  Title                    = {Nuclear Reactor Theory},
  Author                   = {George I. Bell and Samuel Glasstone},
  Publisher                = {Litton Educational Publishing, Inc.},
  Year                     = {1970},

  Owner                    = {joshua},
  Timestamp                = {2016.05.03}
}

@Article{bernetti2008,
  Title                    = {Exact Solution of the Riemann Problem for the Shallow Water Equations with Discontinuous Bottom Geometry},
  Author                   = {Bernetti, R. and Titarev, V. A. and Toro, E. F.},
  Journal                  = {J. Comput. Phys.},
  Year                     = {2008},

  Month                    = mar,
  Number                   = {6},
  Pages                    = {3212--3243},
  Volume                   = {227},

  Acmid                    = {1343406},
  Address                  = {San Diego, CA, USA},
  Doi                      = {10.1016/j.jcp.2007.11.033},
  ISSN                     = {0021-9991},
  Issue_date               = {March, 2008},
  Keywords                 = {Discontinuous bottom geometry, Exact Riemann solver, Shallow water equations, WAF method},
  Numpages                 = {32},
  Publisher                = {Academic Press Professional, Inc.},
  Url                      = {http://dx.doi.org/10.1016/j.jcp.2007.11.033}
}

@Article{borisbook,
  Title                    = {Flux-Corrected Transport I. {SHASTA}, A Fluid Transport Algorithm that Works},
  Author                   = {Jay P. Boris and David L. Book},
  Journal                  = {Journal of Computational Physics},
  Year                     = {1973},
  Pages                    = {38--69},
  Volume                   = {11}
}

@InCollection{chen2013,
  Title                    = {An Adaptive Artificial Viscosity Method for the Saint-Venant System},
  Author                   = {Chen, Yunlong and Kurganov, Alexander and Lei, Minlan and Liu, Yu},
  Booktitle                = {Recent Developments in the Numerics of Nonlinear Hyperbolic Conservation Laws},
  Publisher                = {Springer Berlin Heidelberg},
  Year                     = {2013},
  Editor                   = {Ansorge, Rainer and Bijl, Hester and Meister, Andreas and Sonar, Thomas},
  Pages                    = {125-141},
  Series                   = {Notes on Numerical Fluid Mechanics and Multidisciplinary Design},
  Volume                   = {120},

  Doi                      = {10.1007/978-3-642-33221-0_8},
  ISBN                     = {978-3-642-33220-3},
  Language                 = {English},
  Url                      = {http://dx.doi.org/10.1007/978-3-642-33221-0_8}
}

@Book{duderstadt,
  Title                    = {Transport Theory},
  Author                   = {James J. Duderstadt and William R. Martin},
  Publisher                = {John Wiley \& Sons},
  Year                     = {1979},

  Owner                    = {joshua},
  Timestamp                = {2016.05.03}
}

@Article{m_matrix_fiedler,
  Title                    = {On matrices with non-positive off-diagonal elements and positive
 principal minors},
  Author                   = {M. Fiedler and V. Ptak},
  Journal                  = {Czechoslovak Mathematical Journal},
  Year                     = {1962},
  Number                   = {3},
  Pages                    = {382--400},
  Volume                   = {12}
}

@Article{fjordholm2011,
  Title                    = {Well-balanced and Energy Stable Schemes for the Shallow Water Equations with Discontinuous Topography},
  Author                   = {Fjordholm, Ulrik S. and Mishra, Siddhartha and Tadmor, Eitan},
  Journal                  = {J. Comput. Phys.},
  Year                     = {2011},

  Month                    = jun,
  Number                   = {14},
  Pages                    = {5587--5609},
  Volume                   = {230},

  Acmid                    = {1982737},
  Address                  = {San Diego, CA, USA},
  Doi                      = {10.1016/j.jcp.2011.03.042},
  ISSN                     = {0021-9991},
  Issue_date               = {June, 2011},
  Keywords                 = {Eddy viscosity, Energy preserving schemes, Energy stable schemes, Numerical diffusion, Shallow water equations},
  Numpages                 = {23},
  Publisher                = {Academic Press Professional, Inc.},
  Url                      = {http://dx.doi.org/10.1016/j.jcp.2011.03.042}
}

@Article{gottlieb,
  Title                    = {On High Order Strong Stability Preserving Runge-Kutta and Multi Step Time Discretizations},
  Author                   = {Sigal Gottlieb},
  Journal                  = {Journal of Scientific Computing},
  Year                     = {2005},

  Month                    = {November},
  Number                   = {1},
  Volume                   = {25},

  Owner                    = {joshua},
  Timestamp                = {2016.05.08}
}

@InProceedings{goutal1997,
  Title                    = {Technical Report HE-43/97/016/A},
  Author                   = {N. Goutal and F. Maurel},
  Booktitle                = {Proceedings of the 2nd Workshop on Dam-Break Wave Simulation},
  Year                     = {1997},
  Organization             = {Electricit de France, Department Laboratoire National d'Hydraulique, Groupe Hydraulique Fluviale}
}

@Article{guermond_firstorder,
  Title                    = {A Maximum-Principle Preserving $C^0$ Finite Element Method for Scalar Conservation Equations},
  Author                   = {Jean-Luc Guermond and Murtazo Nazarov},
  Journal                  = {Computational Methods in Applied Mechanics and Engineering},
  Year                     = {2014},
  Pages                    = {198--213},
  Volume                   = {272}
}

@Article{guermond_secondorder,
  Title                    = {A Second-Order Maximum Principle Preserving Lagrange Finite Element Technique for Nonlinear Scalar Conservation Equations},
  Author                   = {Jean-Luc Guermond and Murtazo Nazarov and Bojan Popov and Yong Yang},
  Journal                  = {SIAM Journal on Numerical Analysis},
  Year                     = {2014},
  Pages                    = {2163--2182},
  Volume                   = {52}
}

@Article{guermond_ev,
  Title                    = {Entropy Viscosity Method for Nonlinear Conservation Laws},
  Author                   = {Jean-Luc Guermond and Richard Pasquetti and Bojan Popov},
  Journal                  = {Journal of Computational Physics},
  Year                     = {2011},
  Pages                    = {4248--4267},
  Volume                   = {230}
}

@Conference{hamilton,
  Title                    = {Negative Flux Fixups in Discontinuous Finite Element SN Transport},
  Author                   = {Steven Hamilton and Michele Benzi},
  Booktitle                = {International Conference on Mathematics, Computational Methods \& Reactor Physics},
  Year                     = {2009},

  Owner                    = {joshua},
  Timestamp                = {2016.05.03}
}

@PhdThesis{hansel,
  Title                    = {Application of the Entropy Viscosity Method and the Flux-Corrected Transport Algorithm to Scalar Transport Equations and the Shallow Water Equations},
  Author                   = {Joshua Hansel},
  School                   = {Texas A\&M University},
  Year                     = {2016},

  Owner                    = {joshua},
  Timestamp                = {2016.01.20}
}

@Article{kuzmin_2011,
  Title                    = {Slope limiting for discontinuous Galerkin approximations with a
 possibly non-orthogonal Taylor basis},
  Author                   = {D. Kuzmin},
  Journal                  = {International Journal for Numerical Methods in Fluids},
  Year                     = {2011},
  Pages                    = {1--12},

  Doi                      = {10.1002/fld}
}

@Book{kuzmin_FCT,
  Title                    = {Flux-Corrected Transport},
  Author                   = {D. Kuzmin and R. L{\"o}hner and S. Turek},
  Publisher                = {Springer-Verlag Berlin Heidelberg},
  Year                     = {2005},

  Address                  = {Germany},
  Edition                  = {First}
}

@Article{kuzmin_failsafe,
  Title                    = {Failsafe Flux Limiting and Constrained Data Projections for Equations of Gas Dynamics},
  Author                   = {Dmitri Kuzmin and Matthias M{\"o}ller and John N. Shadid and Mikhail Shashkov},
  Journal                  = {Journal of Computational Physics},
  Year                     = {2010},

  Doi                      = {10.1016/j.jcp.2010.08.009},
  Owner                    = {joshua},
  Timestamp                = {2016.01.13}
}

@Article{lohner,
  Title                    = {Finite Element Flux-Corrected Transport (FEM-FCT) for the Euler and Navier-Stokes Equations},
  Author                   = {R. L\:{o}hner and K. Morgan and J. Peraire and M. Vahdati},
  Journal                  = {International Journal for Numerical Methods in Fluids},
  Year                     = {1987},
  Pages                    = {1093--1109},
  Volume                   = {7},

  Owner                    = {joshua},
  Timestamp                = {2016.09.10}
}

@Article{lanthrop,
  Title                    = {Spatial Differencing of the Transport Equation: Positivity vs. Accuracy},
  Author                   = {K. D. Lanthrop},
  Journal                  = {Journal of Computational Physics},
  Year                     = {1969},
  Pages                    = {475--498},
  Volume                   = {4},

  Owner                    = {joshua},
  Timestamp                = {2016.05.03}
}

@Article{lellis2004,
  Title                    = {Minimal entropy conditions for Burgers equation},
  Author                   = {Camillo De Lellis and Felix Otto and Michael Westdickenberg},
  Journal                  = {Quarterly of Applied Mathematics},
  Year                     = { 2004 },
  Number                   = { 4 },
  Pages                    = {687-700},
  Volume                   = { 62 }
}

@Article{Lesaint1974,
  Title                    = {On a Finite Element Method for Solving the Neutron Transport Equation},
  Author                   = {P. Lesaint and P. A. Raviart},
  Journal                  = {Publications mathématiques et informatique de Rennes},
  Year                     = {1974},
  Number                   = {S4},
  Pages                    = {1--40},

  Language                 = {eng},
  Publisher                = {Département de Mathématiques et Informatique, Université de Rennes},
  Url                      = {http://eudml.org/doc/273730}
}

@Book{leveque2002,
  Title                    = {Finite Volume Methods for Hyperbolic Problems},
  Author                   = {Randall J. LeVeque},
  Publisher                = {Cambridge University Press},
  Year                     = {2002}
}

@Book{lewis,
  Title                    = {Computational Methods of Neutron Transport},
  Author                   = {E. E. Lewis and W. F. Miller},
  Publisher                = {American Nuclear Society},
  Year                     = {1993},

  Address                  = {La Grange Park, IL},

  Owner                    = {joshua},
  Timestamp                = {2016.05.03}
}

@Article{long2014,
  Title                    = {The iterative thermal emission method: A more implicit modification of IMC},
  Author                   = {A. R. Long and N. A. Gentile and T. S. Palmer},
  Journal                  = {Journal of Computational Physics},
  Year                     = {2014},
  Pages                    = {228--247},
  Volume                   = {277},

  Doi                      = {10.1016/j.jcp.2014.08.017},
  Owner                    = {joshua},
  Timestamp                = {2016.02.23}
}

@MastersThesis{macdonald,
  Title                    = {Constructing High-Order Runge-Kutta Methods with Embedded Strong-Stability-Preserving Pairs},
  Author                   = {Colin Barr Macdonald},
  School                   = {Acadia University},
  Year                     = {2003},
  Month                    = {August},
  Type                     = {Master's Thesis},

  Owner                    = {joshua},
  Timestamp                = {2016.05.08}
}

@Conference{maginot_mc2015,
  Title                    = {A Non-Negative, Non-Linear Petrov-Galerkin Method for Bilinear Discontinuous Differencing of the Sn Equations},
  Author                   = {Peter Maginot},
  Booktitle                = {Joint International Conference on Mathematics and Computation, Supercomputing in Nuclear Applications, and the Monte Carlo Method (M\&C 2015)},
  Year                     = {2015},

  Address                  = {Nashville, TN},

  Owner                    = {joshua},
  Timestamp                = {2016.05.04}
}

@MastersThesis{maginot,
  Title                    = {A Nonlinear Positive Extension of the Linear Discontinuous Spatial Discretization of the Transport Equation},
  Author                   = {Peter Maginot},
  School                   = {Texas A\&M University},
  Year                     = {2010},
  Month                    = {December},
  Type                     = {Master's Thesis},

  Owner                    = {joshua},
  Timestamp                = {2016.05.03}
}

@Article{minor,
  Title                    = {Exponential Characteristic Spatial Quadrature for Discrete Ordinates Radiation Transport with Rectangular Cells},
  Author                   = {B. M. Minor and K. A. Matthews},
  Journal                  = {Nuclear Science and Engineering},
  Year                     = {1995},
  Pages                    = {165--186},
  Volume                   = {120},

  Owner                    = {joshua},
  Timestamp                = {2016.05.03}
}

@Article{panov1994,
  Title                    = {Uniqueness of the Solution of the Cauchy Problem for a First Order Quasilinear Equation with One Admissible Strictly Convex Entropy},
  Author                   = {E. Yu. Panov},
  Journal                  = {Mat. Zametki},
  Year                     = {1994},
  Number                   = {5},
  Pages                    = {116--129},
  Volume                   = {55},

  Owner                    = {joshua},
  Timestamp                = {2016.01.18}
}

@InProceedings{parrott,
  Title                    = {FCT Applied to the 2-D Finite Element Solution of Tracer Transport by Single Phase Flow in a Porous Medium},
  Author                   = {A. K. Parrott and M. A. Christie},
  Booktitle                = {Proceedings on the ICFD Conference on Numerical Methods in Fluid Dynamics},
  Year                     = {1986},
  Number                   = {609},
  Publisher                = {Oxford University Press},

  Owner                    = {joshua},
  Timestamp                = {2016.09.10}
}

@Article{plemmons,
  Title                    = {M-Matrix Characterizations I. -- Nonsingular M-Matrices},
  Author                   = {R. J. Plemmins},
  Journal                  = {Linear Algebra and its Applications},
  Year                     = {1977},
  Number                   = {2},
  Pages                    = {175--188},
  Volume                   = {18},

  Doi                      = {10.1016/0024-3795(77)90073-8}
}

@Article{m_matrix_poole,
  Title                    = {Generalized M-Matrices and Applications},
  Author                   = {George D. Poole},
  Journal                  = {Mathematics of Computation},
  Year                     = {1975},

  Month                    = {July},
  Number                   = {131},
  Pages                    = {903--910},
  Volume                   = {29}
}

@InBook{Reed_Hill_1973,
  Title                    = {Triangular mesh methods for the neutron transport equation},
  Author                   = {Reed, W.H. and Hill, T.R.},
  Year                     = {1973},
  Month                    = {Oct},

  Place                    = {United States},
  Url                      = {http://www.osti.gov/scitech/servlets/purl/4491151}
}

@Book{toro2009,
  Title                    = {Riemann Solvers and Numerical Methods for Fluid Dynamics},
  Author                   = {Eleuterio F. Toro},
  Publisher                = {Springer-Verlag Berlin Heidelberg},
  Year                     = {2009},
  Edition                  = {3rd}
}

@Article{vukovic2002,
  Title                    = {{ENO} and {WENO} Schemes with the Exact Conservation Property for One-Dimensional Shallow Water Equations},
  Author                   = {Senka Vukovic and Luka Sopta},
  Journal                  = {Journal of Computational Physics },
  Year                     = {2002},
  Number                   = {2},
  Pages                    = {593 - 621},
  Volume                   = {179},

  Doi                      = {http://dx.doi.org/10.1006/jcph.2002.7076},
  ISSN                     = {0021-9991},
  Url                      = {http://www.sciencedirect.com/science/article/pii/S0021999102970762}
}

@Article{walters_NC,
  Title                    = {An Accurate, Strictly-Positive, Nonlinear Characteristic Scheme for the Discrete Ordinates Equations},
  Author                   = {W. F. Walters and T. A. Wareing},
  Journal                  = {Transport Theory and Statistical Physics},
  Year                     = {1996},
  Number                   = {2},
  Pages                    = {197--215},
  Volume                   = {25},

  Owner                    = {joshua},
  Timestamp                = {2016.05.03}
}

@Conference{walters,
  Title                    = {A Nonlinear Positive Method for Solving the Transport Equation on Coarse Meshes},
  Author                   = {Wallace F. Walters and Todd A. Wareing},
  Booktitle                = {8th International Conference on Radiation Shielding},
  Year                     = {1994},

  Address                  = {Arlington, TX},

  Owner                    = {joshua},
  Timestamp                = {2016.05.03}
}

@Conference{wareing,
  Title                    = {An Exponential Discontinuous Scheme for Discrete-Ordinate Calculations in Cartesian Geometries},
  Author                   = {Todd A. Wareing},
  Booktitle                = {Joint International Conference on Mathematical Methods and Supercomputing in Nuclear Applications},
  Year                     = {1997},

  Address                  = {Saratoga Springs, NY},

  Institution              = {Los Alamos National Laboratory},
  Owner                    = {joshua},
  Timestamp                = {2016.05.03}
}

@Article{zalesak,
  Title                    = {Fully Multidimensional Flux-Corrected Transport Algorithms for Fluids},
  Author                   = {Steven T. Zalesak},
  Journal                  = {Journal of Computational Physics},
  Year                     = {1979},
  Pages                    = {335--362},
  Volume                   = {31}
}

@Article{zingan_2013,
  Title                    = {{Implementation of the entropy viscosity method with the discontinuous Galerkin method}},
  Author                   = {{Zingan}, V. and {Guermond}, J.-L. and {Morel}, J. and {Popov}, B.
 },
  Journal                  = {Computer Methods in Applied Mechanics and Engineering},
  Year                     = {2013},

  Month                    = jan,
  Pages                    = {479-490},
  Volume                   = {253},

  Adsnote                  = {Provided by the SAO/NASA Astrophysics Data System},
  Adsurl                   = {http://adsabs.harvard.edu/abs/2013CMAME.253..479Z},
  Doi                      = {10.1016/j.cma.2012.08.018}
}

