
@article{guermond_ev,
  author = "Jean-Luc Guermond and Richard Pasquetti and Bojan Popov",
  title = "Entropy Viscosity Method for Nonlinear Conservation Laws",
  journal = "Journal of Computational Physics",
  volume = "230",
  pages = "4248--4267",
  year = "2011",
}

@article{guermond_firstorder,
  author = "Jean-Luc Guermond and Murtazo Nazarov",
  title = "A Maximum-Principle Preserving $C^0$ Finite Element Method for Scalar Conservation Equations",
  journal = "Computational Methods in Applied Mechanics and Engineering",
  volume = "272",
  pages = "198--213",
  year = "2014",
}

@article{guermond_secondorder,
  author = "Jean-Luc Guermond and Murtazo Nazarov and Bojan Popov and Yong Yang",
  title = "A Second-Order Maximum Principle Preserving Lagrange Finite Element Technique for Nonlinear
           Scalar Conservation Equations",
  journal = "SIAM Journal on Numerical Analysis",
  volume = "52",
  pages = "2163--2182",
  year = "2014",
}

@article{borisbook,
  author = "Jay P. Boris and David L. Book",
  title = "I. {SHASTA}, A Fluid Transport Algorithm that Works",
  journal = "Journal of Computational Physics",
  volume = "135",
  pages = "172--186",
  year = "1997",
}

@book{kuzmin_FCT,
  author = "D. Kuzmin and R. L{\"o}hner and S. Turek",
  title = "Flux-Corrected Transport",
  edition = "First",
  publisher = "Springer-Verlag Berlin Heidelberg",
  address = "Germany",
  year = "2005",
}

@unpublished{kuzmin_transport,
  author = "D. Kuzmin",
  title = "A Guide to Numerical Methods for Transport Equations",
  note = "Unfinished book",
  institution = "Friedrich-Alexander-Universit{\"a}t Erlangen-N{\"u}rnberg",
  year = "2010",
}

@article{zalesak,
  author = "Steven T. Zalesak",
  title = "Fully Multidimensional Flux-Corrected Transport Algorithms for Fluids",
  journal = "Journal of Computational Physics",
  volume = "31",
  pages = "335--362",
  year = "1979",
}

@book{leveque02,
	author = "Randall J. LeVeque",
	title = "Finite Volume Methods for Hyperbolic Problems",
	year = "2002",
	publisher = "Cambridge University Press"
}

@book{toro,
	author = "Eleuterio F. Toro",
	title = "Riemann Solvers and Numerical Methods for Fluid Dynamics",
	year = "1999",
	publisher = "Springer-Verlag",
	edition = "2nd"
}
