@article{guermond_2014,
	title={A maximum-principle preserving ${C}^0$ finite element method for scalar conservation equations},
	author={J-L. Guermond and M. Nazarov},
	year={2014},
	journal={Computer methods in applied mechanics and engineering},
   doi = {10.1016/j.cma.2013.12.015},
   url = {http://dx.doi.org/10.1016/j.cma.2013.12.015}
}