% This file was created with JabRef 2.10b2.
% Encoding: UTF-8


@Article{dealii,
  Title                    = {{deal.II} -- a General Purpose Object Oriented Finite Element Library},
  Author                   = {W. Bangerth and R. Hartmann and G. Kanschat},
  Journal                  = {ACM Transactions on Mathematical Software},
  Year                     = {2007},
  Number                   = {4},
  Pages                    = {24/1--24/27},
  Volume                   = {33}
}

@Article{borisbook,
  Title                    = {I. {SHASTA}, A Fluid Transport Algorithm that Works},
  Author                   = {Jay P. Boris and David L. Book},
  Journal                  = {Journal of Computational Physics},
  Year                     = {1997},
  Pages                    = {172--186},
  Volume                   = {135}
}

@InCollection{chen2013,
  Title                    = {An Adaptive Artificial Viscosity Method for the Saint-Venant System},
  Author                   = {Chen, Yunlong and Kurganov, Alexander and Lei, Minlan and Liu, Yu},
  Booktitle                = {Recent Developments in the Numerics of Nonlinear Hyperbolic Conservation Laws},
  Publisher                = {Springer Berlin Heidelberg},
  Year                     = {2013},
  Editor                   = {Ansorge, Rainer and Bijl, Hester and Meister, Andreas and Sonar, Thomas},
  Pages                    = {125-141},
  Series                   = {Notes on Numerical Fluid Mechanics and Multidisciplinary Design},
  Volume                   = {120},

  Doi                      = {10.1007/978-3-642-33221-0_8},
  ISBN                     = {978-3-642-33220-3},
  Language                 = {English},
  Url                      = {http://dx.doi.org/10.1007/978-3-642-33221-0_8}
}

@Article{fjordholm2011,
  Title                    = {Well-balanced and Energy Stable Schemes for the Shallow Water Equations with Discontinuous Topography},
  Author                   = {Fjordholm, Ulrik S. and Mishra, Siddhartha and Tadmor, Eitan},
  Journal                  = {J. Comput. Phys.},
  Year                     = {2011},

  Month                    = jun,
  Number                   = {14},
  Pages                    = {5587--5609},
  Volume                   = {230},

  Acmid                    = {1982737},
  Address                  = {San Diego, CA, USA},
  Doi                      = {10.1016/j.jcp.2011.03.042},
  ISSN                     = {0021-9991},
  Issue_date               = {June, 2011},
  Keywords                 = {Eddy viscosity, Energy preserving schemes, Energy stable schemes, Numerical diffusion, Shallow water equations},
  Numpages                 = {23},
  Publisher                = {Academic Press Professional, Inc.},
  Url                      = {http://dx.doi.org/10.1016/j.jcp.2011.03.042}
}

@InProceedings{goutal1997,
  Title                    = {Technical Report HE-43/97/016/A},
  Author                   = {N. Goutal and F. Maurel},
  Booktitle                = {Proceedings of the 2nd Workshop on Dam-Break Wave Simulation},
  Year                     = {1997},
  Organization             = {Electricit de France, Department Laboratoire National d'Hydraulique, Groupe Hydraulique Fluviale}
}

@Article{guermond_firstorder,
  Title                    = {A Maximum-Principle Preserving $C^0$ Finite Element Method for Scalar Conservation Equations},
  Author                   = {Jean-Luc Guermond and Murtazo Nazarov},
  Journal                  = {Computational Methods in Applied Mechanics and Engineering},
  Year                     = {2014},
  Pages                    = {198--213},
  Volume                   = {272}
}

@Article{guermond_secondorder,
  Title                    = {A Second-Order Maximum Principle Preserving Lagrange Finite Element Technique for Nonlinear Scalar Conservation Equations},
  Author                   = {Jean-Luc Guermond and Murtazo Nazarov and Bojan Popov and Yong Yang},
  Journal                  = {SIAM Journal on Numerical Analysis},
  Year                     = {2014},
  Pages                    = {2163--2182},
  Volume                   = {52}
}

@Article{guermond_ev,
  Title                    = {Entropy Viscosity Method for Nonlinear Conservation Laws},
  Author                   = {Jean-Luc Guermond and Richard Pasquetti and Bojan Popov},
  Journal                  = {Journal of Computational Physics},
  Year                     = {2011},
  Pages                    = {4248--4267},
  Volume                   = {230}
}

@Unpublished{guermond_invariantdomain,
  Title                    = {Invariant Domains and First-Order Continuous Finite Element Approximation for Hyperbolic Systems},
  Author                   = {Jean-Luc Guermond and Bojan Popov},
  Note                     = {Electronic preprint, arXiv:1509.07461v1 [math.NA]},
  Year                     = {2015}
}

@Unpublished{kuzmin_transport,
  Title                    = {A Guide to Numerical Methods for Transport Equations},
  Author                   = {D. Kuzmin},
  Note                     = {Unfinished electronic book},
  Year                     = {2010},

  Institution              = {Friedrich-Alexander-Universit{\"a}t Erlangen-N{\"u}rnberg}
}

@Book{kuzmin_FCT,
  Title                    = {Flux-Corrected Transport},
  Author                   = {D. Kuzmin and R. L{\"o}hner and S. Turek},
  Publisher                = {Springer-Verlag Berlin Heidelberg},
  Year                     = {2005},

  Address                  = {Germany},
  Edition                  = {First}
}

@Article{kuzmin_failsafe,
  Title                    = {Failsafe Flux Limiting and Constrained Data Projections for Equations of Gas Dynamics},
  Author                   = {Dmitri Kuzmin and Matthias M{\"o}ller and John N. Shadid and Mikhail Shashkov},
  Journal                  = {Journal of Computational Physics},
  Year                     = {2010},

  Doi                      = {10.1016/j.jcp.2010.08.009},
  Owner                    = {joshua},
  Timestamp                = {2016.01.13}
}

@Book{leveque2002,
  Title                    = {Finite Volume Methods for Hyperbolic Problems},
  Author                   = {Randall J. LeVeque},
  Publisher                = {Cambridge University Press},
  Year                     = {2002}
}

@Book{toro2009,
  Title                    = {Riemann Solvers and Numerical Methods for Fluid Dynamics},
  Author                   = {Eleuterio F. Toro},
  Publisher                = {Springer-Verlag Berlin Heidelberg},
  Year                     = {2009},
  Edition                  = {3rd}
}

@Article{vukovic2002,
  Title                    = {{ENO} and {WENO} Schemes with the Exact Conservation Property for One-Dimensional Shallow Water Equations},
  Author                   = {Senka Vukovic and Luka Sopta},
  Journal                  = {Journal of Computational Physics },
  Year                     = {2002},
  Number                   = {2},
  Pages                    = {593 - 621},
  Volume                   = {179},

  Doi                      = {http://dx.doi.org/10.1006/jcph.2002.7076},
  ISSN                     = {0021-9991},
  Url                      = {http://www.sciencedirect.com/science/article/pii/S0021999102970762}
}

@Article{zalesak,
  Title                    = {Fully Multidimensional Flux-Corrected Transport Algorithms for Fluids},
  Author                   = {Steven T. Zalesak},
  Journal                  = {Journal of Computational Physics},
  Year                     = {1979},
  Pages                    = {335--362},
  Volume                   = {31}
}

